<record><leader>00000cas a22000007a 4500</leader><controlfield tag="001">22186898</controlfield><controlfield tag="008">900806d19661972mduwn ne      0    0eng d</controlfield><datafield ind1=" " ind2=" " tag="010"><subfield code="a">sn 90057065 </subfield></datafield><datafield ind1=" " ind2=" " tag="040"><subfield code="a">MFN</subfield><subfield code="b">eng</subfield><subfield code="c">MFN</subfield><subfield code="d">OCLCO</subfield></datafield><datafield ind1="1" ind2=" " tag="029"><subfield code="a">AU@</subfield><subfield code="b">000025868320</subfield></datafield><datafield ind1=" " ind2=" " tag="042"><subfield code="a">msc</subfield></datafield><datafield ind1="0" ind2=" " tag="130"><subfield code="a">Retriever (Baltimore, Md. : 1966)</subfield></datafield><datafield ind1="0" ind2="4" tag="245"><subfield code="a">The retriever.</subfield></datafield><datafield ind1=" " ind2=" " tag="260"><subfield code="a">[Baltimore, Md.] :</subfield><subfield code="b">Wayne Kaiser,</subfield></datafield><datafield ind1=" " ind2=" " tag="300"><subfield code="a">v.</subfield></datafield><datafield ind1=" " ind2=" " tag="310"><subfield code="a">Weekly (during the academic year),</subfield><subfield code="b">Sept. 6, 1967-1972</subfield></datafield><datafield ind1=" " ind2=" " tag="321"><subfield code="a">Biweekly (during the academic year,</subfield><subfield code="b">1966-May 15, 1967</subfield></datafield><datafield ind1="0" ind2=" " tag="362"><subfield code="a">Vol. 1, no. 5 (Nov. 14, 1966)-v. 6, no. 27 (May 9, 1972).</subfield></datafield><datafield ind1="2" ind2=" " tag="710"><subfield code="a">University of Maryland, Baltimore County.</subfield></datafield><datafield ind1=" " ind2=" " tag="752"><subfield code="a">United States</subfield><subfield code="b">Maryland</subfield><subfield code="d">Baltimore.</subfield></datafield><datafield ind1="0" ind2="0" tag="780"><subfield code="t">UMBC news</subfield><subfield code="w">(DLC)sn 90057064</subfield></datafield><datafield ind1="0" ind2="0" tag="785"><subfield code="t">UMBC retriever (Baltimore, Md. : 1972)</subfield><subfield code="w">(DLC)sn 90057067</subfield></datafield></record>